<record xmlns='http://www.loc.gov/MARC21/slim'><leader>02384ckc a2200469 i 4500</leader><controlfield tag='001'>8663054</controlfield><controlfield tag='005'>20230622101802.0</controlfield><controlfield tag='006'>m     o  c        </controlfield><controlfield tag='007'>cr cn |||||n|n</controlfield><controlfield tag='008'>220714s2022    xx nnn        o   inzxx  </controlfield><datafield ind1=' ' ind2=' ' tag='035'><subfield code='9'>(AuCNL)8663054</subfield></datafield><datafield ind1=' ' ind2=' ' tag='040'><subfield code='a'>ANL</subfield><subfield code='b'>eng</subfield><subfield code='e'>rda</subfield><subfield code='d'>ANL</subfield></datafield><datafield ind1=' ' ind2=' ' tag='042'><subfield code='a'>anuc</subfield></datafield><datafield ind1=' ' ind2=' ' tag='043'><subfield code='a'>u-at-vi</subfield></datafield><datafield ind1='1' ind2=' ' tag='100'><subfield code='a'>Henningham, Leigh,</subfield><subfield code='d'>1960-</subfield><subfield code='e'>photographer.</subfield></datafield><datafield ind1='1' ind2='0' tag='245'><subfield code='a'>Australian federal election campaign and polling places in Melbourne, Victoria, May 2022 / Leigh Henningham.</subfield></datafield><datafield ind1=' ' ind2='0' tag='264'><subfield code='c'>2022.</subfield></datafield><datafield ind1=' ' ind2=' ' tag='300'><subfield code='a'>1 online resource (30 photographs) :</subfield><subfield code='b'>TIFF files, colour</subfield></datafield><datafield ind1=' ' ind2=' ' tag='336'><subfield code='a'>still image</subfield><subfield code='2'>rdacontent</subfield></datafield><datafield ind1=' ' ind2=' ' tag='337'><subfield code='a'>computer</subfield><subfield code='2'>rdamedia</subfield></datafield><datafield ind1=' ' ind2=' ' tag='338'><subfield code='a'>online resource</subfield><subfield code='2'>rdacarrier</subfield></datafield><datafield ind1=' ' ind2=' ' tag='500'><subfield code='a'>Title devised by cataloguer based on information provided by photographer.</subfield></datafield><datafield ind1=' ' ind2=' ' tag='520'><subfield code='a'>Collection documenting polling places, election signage, candidates, campaign events, volunteers and voters in Melbourne, Victoria for the 2022 Australian federal election.</subfield></datafield><datafield ind1=' ' ind2=' ' tag='541'><subfield code='a'>Commissioned by the National Library of Australia, 2022.</subfield><subfield code='5'>ANL</subfield></datafield><datafield ind1=' ' ind2=' ' tag='542'><subfield code='f'>Copyright held by the National Library of Australia.</subfield></datafield><datafield ind1='1' ind2='0' tag='610'><subfield code='a'>Australia.</subfield><subfield code='b'>Parliament</subfield><subfield code='x'>Elections, 2022</subfield><subfield code='v'>Photographs.</subfield></datafield><datafield ind1='2' ind2='0' tag='610'><subfield code='a'>Australian Greens</subfield><subfield code='z'>Victoria</subfield><subfield code='z'>Melbourne</subfield><subfield code='v'>Photographs.</subfield></datafield><datafield ind1='2' ind2='0' tag='610'><subfield code='a'>Australian Labor Party</subfield><subfield code='z'>Victoria</subfield><subfield code='z'>Melbourne</subfield><subfield code='v'>Photographs.</subfield></datafield><datafield ind1='2' ind2='0' tag='610'><subfield code='a'>Liberal Party of Australia</subfield><subfield code='z'>Victoria</subfield><subfield code='z'>Melbourne</subfield><subfield code='v'>Photographs.</subfield></datafield><datafield ind1='2' ind2='0' tag='610'><subfield code='a'>Pauline Hanson&apos;s One Nation</subfield><subfield code='z'>Victoria</subfield><subfield code='z'>Melbourne</subfield><subfield code='v'>Photographs.</subfield></datafield><datafield ind1='2' ind2='0' tag='610'><subfield code='a'>United Australia Party</subfield><subfield code='z'>Victoria</subfield><subfield code='z'>Melbourne</subfield><subfield code='v'>Photographs.</subfield></datafield><datafield ind1=' ' ind2='0' tag='650'><subfield code='a'>Polling places</subfield><subfield code='z'>Victoria</subfield><subfield code='z'>Melbourne</subfield><subfield code='v'>Photographs.</subfield></datafield><datafield ind1=' ' ind2='0' tag='650'><subfield code='a'>Political posters</subfield><subfield code='z'>Victoria</subfield><subfield code='z'>Melbourne</subfield><subfield code='v'>Photographs.</subfield></datafield><datafield ind1=' ' ind2='0' tag='650'><subfield code='a'>Signs and signboards</subfield><subfield code='z'>Victoria</subfield><subfield code='z'>Melbourne</subfield><subfield code='v'>Photographs.</subfield></datafield><datafield ind1=' ' ind2='0' tag='650'><subfield code='a'>Voting</subfield><subfield code='z'>Victoria</subfield><subfield code='z'>Melbourne</subfield><subfield code='v'>Photographs.</subfield></datafield><datafield ind1=' ' ind2='0' tag='650'><subfield code='a'>Elections</subfield><subfield code='z'>Victoria</subfield><subfield code='z'>Melbourne</subfield><subfield code='v'>Photographs.</subfield></datafield><datafield ind1=' ' ind2='0' tag='650'><subfield code='a'>Political candidates</subfield><subfield code='z'>Victoria</subfield><subfield code='z'>Melbourne</subfield><subfield code='v'>Photographs.</subfield></datafield><datafield ind1=' ' ind2='0' tag='650'><subfield code='a'>Political campaigns</subfield><subfield code='z'>Victoria</subfield><subfield code='z'>Melbourne</subfield><subfield code='v'>Photographs.</subfield></datafield><datafield ind1=' ' ind2='0' tag='650'><subfield code='a'>Political parties</subfield><subfield code='z'>Victoria</subfield><subfield code='z'>Melbourne</subfield><subfield code='v'>Photographs.</subfield></datafield><datafield ind1=' ' ind2='0' tag='651'><subfield code='a'>Melbourne (Victoria)</subfield><subfield code='v'>Photographs.</subfield></datafield><datafield ind1='4' ind2='0' tag='856'><subfield code='z'>National Library of Australia digital collection item.</subfield><subfield code='u'>https://nla.gov.au/nla.obj-3075796665</subfield><subfield code='x'>fulltext</subfield></datafield><datafield ind1='4' ind2='2' tag='856'><subfield code='z'>Finding aid at National Library of Australia</subfield><subfield code='u'>https://nla.gov.au/nla.obj-3075796665/findingaid</subfield></datafield><datafield ind1='f' ind2='f' tag='999'><subfield code='i'>35df1d16-b7ab-525c-b586-dac248f3ddaa</subfield><subfield code='s'>60c66e24-6389-54fa-b12f-980fe3aecad2</subfield></datafield><datafield ind1='f' ind2='f' tag='952'><subfield code='a'>National Library of Australia</subfield><subfield code='b'>Parkes</subfield><subfield code='c'>Parkes</subfield><subfield code='d'>Use &apos;Online Access&apos; link in record (PICD)</subfield><subfield code='e'>PIC Online access #PIC/21070/1-30</subfield><subfield code='h'>Other scheme</subfield><subfield code='m'>013bb14d-1b1a-572e-a56d-a1b62273a9b2</subfield></datafield></record>